@article{Kayacik2021,
title={The Promise of EV-Aware Multi-Period OPF Problem: Cost and Emission Benefits},
  author={Kayac{\i}k, Sezen Ece and Kocuk, Burak and Y{\"u}ksel, Tu{\u{g}}{\c{c}}e},
  journal={arXiv preprint arXiv:2107.03868},
  year={2021}
}
@article{Ding2020,
   doi = {10.1109/TIA.2020.2990096},
   issn = {19399367},
   issue = {5},
   journal = {IEEE Transactions on Industry Applications},
   keywords = {Electric vehicle (EV),Markov decision process (MDP),optimal charging strategy,reinforcement learning (RL).},
   month = {9},
   pages = {5811-5823},
   publisher = {Institute of Electrical and Electronics Engineers Inc.},
   title = {Optimal Electric Vehicle Charging Strategy with Markov Decision Process and Reinforcement Learning Technique},
   volume = {56},
   year = {2020},
}

@article{Dommel1968,
  title={Optimal power flow solutions},
  author={Dommel, Hermann W and Tinney, William F},
  journal={IEEE Transactions on power apparatus and systems},
  number={10},
  pages={1866--1876},
  year={1968},
  publisher={IEEE}
}
@article{jabr2006radial,
  title={Radial distribution load flow using conic programming},
  author={Jabr, Rabih A},
  journal={IEEE transactions on power systems},
  volume={21},
  number={3},
  pages={1458--1459},
  year={2006},
  publisher={IEEE}
}
@article{lavaei2011zero,
  title={Zero duality gap in optimal power flow problem},
  author={Lavaei, Javad and Low, Steven H},
  journal={IEEE Transactions on Power systems},
  volume={27},
  number={1},
  pages={92--107},
  year={2011},
  publisher={IEEE}
}
@article{madani2014convex,
  title={Convex relaxation for optimal power flow problem: Mesh networks},
  author={Madani, Ramtin and Sojoudi, Somayeh and Lavaei, Javad},
  journal={IEEE Transactions on Power Systems},
  volume={30},
  number={1},
  pages={199--211},
  year={2014},
  publisher={IEEE}
}
@article{madani2015promises,
  title={Promises of conic relaxation for contingency-constrained optimal power flow problem},
  author={Madani, Ramtin and Ashraphijuo, Morteza and Lavaei, Javad},
  journal={IEEE Transactions on Power Systems},
  volume={31},
  number={2},
  pages={1297--1307},
  year={2015},
  publisher={IEEE}
}
@article{wolgast2024learning,
  title={Learning the Optimal Power Flow: Environment Design Matters},
  author={Wolgast, Thomas and Nie{\ss}e, Astrid},
  journal={arXiv preprint arXiv:2403.17831},
  year={2024}
}
@article{yang2023optimal,
  title={Optimal power flow in distribution network: A review on problem formulation and optimization methods},
  author={Yang, Cheng and Sun, Yupeng and Zou, Yujie and Zheng, Fei and Liu, Shuangyu and Zhao, Bochao and Wu, Ming and Cui, Haoyang},
  journal={Energies},
  volume={16},
  number={16},
  pages={5974},
  year={2023},
  publisher={MDPI}
}
@inproceedings{chen2012optimal,
  title={Optimal charging of electric vehicles in smart grid: Characterization and valley-filling algorithms},
  author={Chen, Niangjun and Quek, Tony QS and Tan, Chee Wei},
  booktitle={2012 IEEE Third International Conference on Smart Grid Communications (SmartGridComm)},
  pages={13--18},
  year={2012},
  organization={IEEE}
}
@article{andrianesis2020distribution,
  title={Distribution network marginal costs: Enhanced AC OPF including transformer degradation},
  author={Andrianesis, Panagiotis and Caramanis, Michael},
  journal={IEEE Transactions on Smart Grid},
  volume={11},
  number={5},
  pages={3910--3920},
  year={2020},
  publisher={IEEE}
}
@article{paul2024multi,
  title={Multi-objective combined heat and power with wind--solar--EV of optimal power flow using hybrid evolutionary approach},
  author={Paul, Chandan and Sarkar, Tushnik and Dutta, Susanta and Roy, Provas Kumar},
  journal={Electrical Engineering},
  volume={106},
  number={2},
  pages={1619--1653},
  year={2024},
  publisher={Springer}
}
@article{nikkhah2020stochastic,
  title={A stochastic voltage stability constrained ems for isolated microgrids in the presence of pevs using a coordinated uc-opf framework},
  author={Nikkhah, Saman and Nasr, Mohamad-Amin and Rabiee, Abbas},
  journal={IEEE Transactions on Industrial Electronics},
  volume={68},
  number={5},
  pages={4046--4055},
  year={2020},
  publisher={IEEE}
}
@article{duman2021symbiotic,
  title={Symbiotic organisms search algorithm-based security-constrained AC--DC OPF regarding uncertainty of wind, PV and PEV systems},
  author={Duman, Serhat and Li, Jie and Wu, Lei and Yorukeren, Nuran},
  journal={Soft Computing},
  volume={25},
  number={14},
  pages={9389--9426},
  year={2021},
  publisher={Springer}
}
@article{carpentier1962contribution,
  title={Contribution to the economic dispatch problem},
  author={Carpentier, J},
  journal={Bulletin de la Societe Francoise des Electriciens},
  volume={3},
  number={8},
  pages={431--447},
  year={1962}
}
@article{nejdawi2000efficient,
  title={An efficient interior point method for sequential quadratic programming based optimal power flow},
  author={Nejdawi, Imad M and Clements, Kevin A and Davis, Paul W},
  journal={IEEE Transactions on Power Systems},
  volume={15},
  number={4},
  pages={1179--1183},
  year={2000},
  publisher={IEEE}
}
@article{bai2008semidefinite,
  title={Semidefinite programming for optimal power flow problems},
  author={Bai, Xiaoqing and Wei, Hua and Fujisawa, Katsuki and Wang, Yong},
  journal={International Journal of Electrical Power \& Energy Systems},
  volume={30},
  number={6-7},
  pages={383--392},
  year={2008},
  publisher={Elsevier}
}
@article{marley2016solving,
  title={Solving multiperiod OPF problems using an AC-QP algorithm initialized with an SOCP relaxation},
  author={Marley, Jennifer F and Molzahn, Daniel K and Hiskens, Ian A},
  journal={IEEE Transactions on Power Systems},
  volume={32},
  number={5},
  pages={3538--3548},
  year={2016},
  publisher={IEEE}
}
@article{chowdhury2023second,
  title={Second-order cone programming (SOCP) model for three phase optimal power flow (OPF) in active distribution networks},
  author={Chowdhury, Md Mahmud-Ul-Tarik and Biswas, Biswajit Dipan and Kamalasadan, Sukumar},
  journal={IEEE Transactions on Smart Grid},
  volume={14},
  number={5},
  pages={3732--3743},
  year={2023},
  publisher={IEEE}
}
@article{wei1998interior,
  title={An interior point nonlinear programming for optimal power flow problems with a novel data structure},
  author={Wei, Hua and Sasaki, Hiroshi and Kubokawa, Junji and Yokoyama, R},
  journal={IEEE Transactions on Power Systems},
  volume={13},
  number={3},
  pages={870--877},
  year={1998},
  publisher={IEEE}
}
@inproceedings{lesieutre2011examining,
  title={Examining the limits of the application of semidefinite programming to power flow problems},
  author={Lesieutre, Bernard C and Molzahn, Daniel K and Borden, Alex R and DeMarco, Christopher L},
  booktitle={2011 49th annual Allerton conference on communication, control, and computing (Allerton)},
  pages={1492--1499},
  year={2011},
  organization={IEEE}
}
@report{electricity2024analysis,
  title={Electricity 2024},
  author={IEA},
  year={2024},
 note={\newline\url{https://www.iea.org/reports/electricity-2024}}
}
@report{world2023outlook,
  title={World Energy Outlook 2023},
  author={IEA},
  year={2023},
  note={\newline\url{https://www.iea.org/reports/world-energy-outlook-2023}}
}
@report{ev2024outlook,
  author={IEA},
  title={Global EV Outlook 2024},
  year={2024},
  note={\newline\url{https://www.iea.org/reports/global-ev-outlook-2024}}
}
@article{xu2024resilience,
  title={Resilience of renewable power systems under climate risks},
  author={Xu, Luo and Feng, Kairui and Lin, Ning and Perera, ATD and Poor, H Vincent and Xie, Le and Ji, Chuanyi and Sun, X Andy and Guo, Qinglai and Oâ€™Malley, Mark},
  journal={Nature Reviews Electrical Engineering},
  volume={1},
  number={1},
  pages={53--66},
  year={2024},
  publisher={Nature Publishing Group UK London}
}
@article{bouckaert2021net,
  title={Net zero by 2050: A roadmap for the global energy sector},
  author={Bouckaert, St{\'e}phanie and Pales, Araceli Fernandez and McGlade, Christophe and Remme, Uwe and Wanner, Brent and Varro, Laszlo and D'Ambrosio, Davide and Spencer, Thomas},
  year={2021}
}
@article{shah2015review,
  title={A review of key power system stability challenges for large-scale PV integration},
  author={Shah, Rakibuzzaman and Mithulananthan, N and Bansal, RC and Ramachandaramurthy, VK},
  journal={Renewable and Sustainable Energy Reviews},
  volume={41},
  pages={1423--1436},
  year={2015},
  publisher={Elsevier}
}
@article{bhusal2020power,
  title={Power system resilience: Current practices, challenges, and future directions},
  author={Bhusal, Narayan and Abdelmalak, Michael and Kamruzzaman, Md and Benidris, Mohammed},
  journal={Ieee Access},
  volume={8},
  pages={18064--18086},
  year={2020},
  publisher={IEEE}
}
@article{impram2020challenges,
  title={Challenges of renewable energy penetration on power system flexibility: A survey},
  author={Impram, Semich and Nese, Secil Varbak and Oral, B{\"u}lent},
  journal={Energy Strategy Reviews},
  volume={31},
  pages={100539},
  year={2020},
  publisher={Elsevier}
}
@article{bessa2019handling,
  title={Handling renewable energy variability and uncertainty in power system operation},
  author={Bessa, Ricardo and Moreira, Carlos and Silva, Bernardo and Matos, Manuel},
  journal={Advances in Energy Systems: The Large-scale Renewable Energy Integration Challenge},
  pages={1--26},
  year={2019},
  publisher={Wiley Online Library}
}
@article{islam2019mitigating,
  title={Mitigating unbalance using distributed network reconfiguration techniques in distributed power generation grids with services for electric vehicles: A review},
  author={Islam, Md Rabiul and Lu, Haiyan and Hossain, MJ and Li, Li},
  journal={Journal of Cleaner Production},
  volume={239},
  pages={117932},
  year={2019},
  publisher={Elsevier}
}
@inproceedings{singh2010influence,
  title={Influence of EV on grid power quality and optimizing the charging schedule to mitigate voltage imbalance and reduce power loss},
  author={Singh, Mukesh and Kar, Indrani and Kumar, Praveen},
  booktitle={Proceedings of 14th international power electronics and motion control conference EPE-PEMC 2010},
  pages={T2--196},
  year={2010},
  organization={IEEE}
}
@article{wang2021grid,
  title={Grid impact of electric vehicle fast charging stations: Trends, standards, issues and mitigation measures-an overview},
  author={Wang, Lu and Qin, Zian and Slangen, Tim and Bauer, Pavol and Van Wijk, Thijs},
  journal={IEEE Open Journal of Power Electronics},
  volume={2},
  pages={56--74},
  year={2021},
  publisher={IEEE}
}
@article{fernandez2010assessment,
  title={Assessment of the impact of plug-in electric vehicles on distribution networks},
  author={Fernandez, Luis Pieltain and San Rom{\'a}n, Tom{\'a}s G{\'o}mez and Cossent, Rafael and Domingo, Carlos Mateo and Frias, Pablo},
  journal={IEEE transactions on power systems},
  volume={26},
  number={1},
  pages={206--213},
  year={2010},
  publisher={IEEE}
}
@article{hilshey2012estimating,
  title={Estimating the impact of electric vehicle smart charging on distribution transformer aging},
  author={Hilshey, Alexander D and Hines, Paul DH and Rezaei, Pooya and Dowds, Jonathan R},
  journal={IEEE Transactions on Smart Grid},
  volume={4},
  number={2},
  pages={905--913},
  year={2012},
  publisher={IEEE}
}
@article{wangsness2021impact,
  title={The impact of electric vehicle density on local grid costs: Empirical evidence from Norway},
  author={Wangsness, Paal Brevik and Halse, Askill Harkjerr},
  journal={The Energy Journal},
  volume={42},
  number={5},
  pages={149--168},
  year={2021},
  publisher={SAGE Publications Sage CA: Los Angeles, CA}
}
@misc{eudirective2009,
  author={{European Communities}},
  title={Directive 2009/72/EC Concerning Common Rules for the Internal Market in Electiricty and Repealing Directive 2003/54/EC},
  year={2009},
  note={\newline\url{http://data.europa.eu/eli/dir/2009/72/oj}}
}
@article{yang2018fundamental,
  title={Fundamental review of the OPF problem: Challenges, solutions, and state-of-the-art algorithms},
  author={Yang, Zhifang and Zhong, Haiwang and Xia, Qing and Kang, Chongqing},
  journal={Journal of Energy Engineering},
  volume={144},
  number={1},
  pages={04017075},
  year={2018},
  publisher={American Society of Civil Engineers}
}
@article{mei2008study,
  title={A study of self-organized criticality of power system under cascading failures based on AC-OPF with voltage stability margin},
  author={Mei, Shengwei and Ni, Yixin and Wang, Gang and Wu, Shengyu},
  journal={IEEE Transactions on Power Systems},
  volume={23},
  number={4},
  pages={1719--1726},
  year={2008},
  publisher={IEEE}
}
@article{yang2017novel,
  title={A novel network model for optimal power flow with reactive power and network losses},
  author={Yang, Zhifang and Zhong, Haiwang and Xia, Qing and Kang, Chongqing},
  journal={Electric Power Systems Research},
  volume={144},
  pages={63--71},
  year={2017},
  publisher={Elsevier}
}
@incollection{avriel2020nonlinear,
  title={Nonlinear programming},
  author={Avriel, Mordecai},
  booktitle={Mathematical Programming for Operations Researchers and Computer Scientists},
  pages={271--367},
  year={2020},
  publisher={CRC Press}
}
@article{yang2016large,
  title={Large-scale OPF based on voltage grading and network partition},
  author={Yang, Yude and Wu, Zhongbiao and Zhang, Yiyi and Wei, Hua},
  journal={CSEE Journal of power and energy systems},
  volume={2},
  number={2},
  pages={56--61},
  year={2016},
  publisher={CSEE}
}
@article{ding2016adjustable,
  title={Adjustable robust optimal power flow with the price of robustness for large-scale power systems},
  author={Ding, Tao and Bie, Zhaohong and Bai, Linquan and Li, Fangxing},
  journal={IET Generation, Transmission \& Distribution},
  volume={10},
  number={1},
  pages={164--174},
  year={2016},
  publisher={Wiley Online Library}
}
@article{jabr2014robust,
  title={Robust multi-period OPF with storage and renewables},
  author={Jabr, Rabih A and Karaki, Sami and Korbane, Joe Akl},
  journal={IEEE Transactions on Power Systems},
  volume={30},
  number={5},
  pages={2790--2799},
  year={2014},
  publisher={IEEE}
}
@article{zhang2019deep,
  title={Deep reinforcement learning for power system applications: An overview},
  author={Zhang, Zidong and Zhang, Dongxia and Qiu, Robert C},
  journal={CSEE Journal of Power and Energy Systems},
  volume={6},
  number={1},
  pages={213--225},
  year={2019},
  publisher={CSEE}
}
@article{chen2022reinforcement,
  title={Reinforcement learning for selective key applications in power systems: Recent advances and future challenges},
  author={Chen, Xin and Qu, Guannan and Tang, Yujie and Low, Steven and Li, Na},
  journal={IEEE Transactions on Smart Grid},
  volume={13},
  number={4},
  pages={2935--2958},
  year={2022},
  publisher={IEEE}
}
@book{sutton2018reinforcement,
  title={Reinforcement learning: An introduction},
  author={Sutton, Richard S and Barto, Andrew G},
  year={2018},
  publisher={MIT press}
}
@article{kaelbling1996reinforcement,
  title={Reinforcement learning: A survey},
  author={Kaelbling, Leslie Pack and Littman, Michael L and Moore, Andrew W},
  journal={Journal of artificial intelligence research},
  volume={4},
  pages={237--285},
  year={1996}
}
@article{bellman1957markovian,
  title={A Markovian decision process},
  author={Bellman, Richard},
  journal={Journal of mathematics and mechanics},
  pages={679--684},
  year={1957},
  publisher={JSTOR}
}
@book{bertsekas2012dynamic,
  title={Dynamic programming and optimal control: Volume I},
  author={Bertsekas, Dimitri},
  volume={4},
  year={2012},
  publisher={Athena scientific}
}
@article{moerland2023model,
  title={Model-based reinforcement learning: A survey},
  author={Moerland, Thomas M and Broekens, Joost and Plaat, Aske and Jonker, Catholijn M and others},
  journal={Foundations and Trends{\textregistered} in Machine Learning},
  volume={16},
  number={1},
  pages={1--118},
  year={2023},
  publisher={Now Publishers, Inc.}
}
@article{wang2019benchmarking,
  title={Benchmarking model-based reinforcement learning},
  author={Wang, Tingwu and Bao, Xuchan and Clavera, Ignasi and Hoang, Jerrick and Wen, Yeming and Langlois, Eric and Zhang, Shunshi and Zhang, Guodong and Abbeel, Pieter and Ba, Jimmy},
  journal={arXiv preprint arXiv:1907.02057},
  year={2019}
}
@article{koryakovskiy2017benchmarking,
  title={Benchmarking model-free and model-based optimal control},
  author={Koryakovskiy, Ivan and Kudruss, Manuel and Babu{\v{s}}ka, Robert and Caarls, Wouter and Kirches, Christian and Mombaur, Katja and Schl{\"o}der, Johannes P and Vallery, Heike},
  journal={Robotics and Autonomous Systems},
  volume={92},
  pages={81--90},
  year={2017},
  publisher={Elsevier}
}
@article{swazinna2022comparing,
  title={Comparing model-free and model-based algorithms for offline reinforcement learning},
  author={Swazinna, Phillip and Udluft, Steffen and Hein, Daniel and Runkler, Thomas},
  journal={IFAC-PapersOnLine},
  volume={55},
  number={15},
  pages={19--26},
  year={2022},
  publisher={Elsevier}
}
@article{tsitsiklis1994asynchronous,
  title={Asynchronous stochastic approximation and Q-learning},
  author={Tsitsiklis, John N},
  journal={Machine learning},
  volume={16},
  pages={185--202},
  year={1994},
  publisher={Springer}
}
@article{das2012improved,
  title={An improved Q-learning algorithm for path-planning of a mobile robot},
  author={Das, Pradipta K and Mandhata, SC and Behera, HS and Patro, SN},
  journal={International Journal of Computer Applications},
  volume={51},
  number={9},
  year={2012},
  publisher={Citeseer}
}
@article{arwa2020reinforcement,
  title={Reinforcement learning techniques for optimal power control in grid-connected microgrids: A comprehensive review},
  author={Arwa, Erick O and Folly, Komla A},
  journal={Ieee Access},
  volume={8},
  pages={208992--209007},
  year={2020},
  publisher={IEEE}
}
@article{massaoudi2023navigating,
  title={Navigating the landscape of deep reinforcement learning for power system stability control: A review},
  author={Massaoudi, Mohamed Sadok and Abu-Rub, Haitham and Ghrayeb, Ali},
  journal={IEEE Access},
  volume={11},
  pages={134298--134317},
  year={2023},
  publisher={IEEE}
}
@article{yan2020real,
  title={Real-time optimal power flow: A lagrangian based deep reinforcement learning approach},
  author={Yan, Ziming and Xu, Yan},
  journal={IEEE Transactions on Power Systems},
  volume={35},
  number={4},
  pages={3270--3273},
  year={2020},
  publisher={IEEE}
}
@article{konda1999actor,
  title={Actor-critic algorithms},
  author={Konda, Vijay and Tsitsiklis, John},
  journal={Advances in neural information processing systems},
  volume={12},
  year={1999}
}
@article{lillicrap2015continuous,
  title={Continuous control with deep reinforcement learning},
  author={Lillicrap, Timothy P and Hunt, Jonathan J and Pritzel, Alexander and Heess, Nicolas and Erez, Tom and Tassa, Yuval and Silver, David and Wierstra, Daan},
  journal={arXiv preprint arXiv:1509.02971},
  year={2015}
}
@article{cao2021deep,
  title={Deep reinforcement learning based approach for optimal power flow of distribution networks embedded with renewable energy and storage devices},
  author={Cao, Di and Hu, Weihao and Xu, Xiao and Wu, Qiuwei and Huang, Qi and Chen, Zhe and Blaabjerg, Frede},
  journal={Journal of Modern Power Systems and Clean Energy},
  volume={9},
  number={5},
  pages={1101--1110},
  year={2021},
  publisher={SGEPRI}
}
@article{schulman2017proximal,
  title={Proximal policy optimization algorithms},
  author={Schulman, John and Wolski, Filip and Dhariwal, Prafulla and Radford, Alec and Klimov, Oleg},
  journal={arXiv preprint arXiv:1707.06347},
  year={2017}
}
@article{zhou2020data,
  title={A data-driven method for fast ac optimal power flow solutions via deep reinforcement learning},
  author={Zhou, Yuhao and Zhang, Bei and Xu, Chunlei and Lan, Tu and Diao, Ruisheng and Shi, Di and Wang, Zhiwei and Lee, Wei-Jen},
  journal={Journal of Modern Power Systems and Clean Energy},
  volume={8},
  number={6},
  pages={1128--1139},
  year={2020},
  publisher={SGEPRI}
}
@article{zhou2021deep,
  title={Deep reinforcement learning based real-time AC optimal power flow considering uncertainties},
  author={Zhou, Yuhao and Lee, Wei--Jen and Diao, Ruisheng and Shi, Di},
  journal={Journal of Modern Power Systems and Clean Energy},
  volume={10},
  number={5},
  pages={1098--1109},
  year={2021},
  publisher={SGEPRI}
}
@article{feng2024safe,
  title={Safe deep reinforcement learning for real-time AC optimal power flow: A near-optimal solution},
  author={Feng, Bin and Zhao, Jiayue and Huang, Gang and Hu, Yijie and Xu, Huating and Guo, Chuangxin and Chen, Zhe},
  journal={CSEE Journal of Power and Energy Systems},
  year={2024},
  publisher={CSEE}
}
@article{zhen2022design,
  title={Design and tests of reinforcement-learning-based optimal power flow solution generator},
  author={Zhen, Hongyue and Zhai, Hefeng and Ma, Weizhe and Zhao, Ligang and Weng, Yixuan and Xu, Yuan and Shi, Jun and He, Xiaofeng},
  journal={Energy Reports},
  volume={8},
  pages={43--50},
  year={2022},
  publisher={Elsevier}
}
@inproceedings{fujimoto2018addressing,
  title={Addressing function approximation error in actor-critic methods},
  author={Fujimoto, Scott and Hoof, Herke and Meger, David},
  booktitle={International conference on machine learning},
  pages={1587--1596},
  year={2018},
  organization={PMLR}
}
@article{sayed2022feasibility,
  title={Feasibility constrained online calculation for real-time optimal power flow: A convex constrained deep reinforcement learning approach},
  author={Sayed, Ahmed Rabee and Wang, Cheng and Anis, Hussein I and Bi, Tianshu},
  journal={IEEE Transactions on Power Systems},
  volume={38},
  number={6},
  pages={5215--5227},
  year={2022},
  publisher={IEEE}
}
@inproceedings{haarnoja2018soft,
  title={Soft actor-critic: Off-policy maximum entropy deep reinforcement learning with a stochastic actor},
  author={Haarnoja, Tuomas and Zhou, Aurick and Abbeel, Pieter and Levine, Sergey},
  journal={International conference on machine learning},
  pages={1861--1870},
  year={2018},
  organization={PMLR}
}
 